<?xml version='1.0' encoding='UTF-8'?>
<record xmlns="http://www.loc.gov/MARC21/slim">
  <leader>02111cam a2200421 a 4500</leader>
  <controlfield tag="001">336879</controlfield>
  <controlfield tag="003">NjP</controlfield>
  <controlfield tag="005">20170605130920.0</controlfield>
  <controlfield tag="008">861023s1966    iq c          000 0barard</controlfield>
  <datafield tag="024" ind1="7" ind2=" ">
    <subfield code="a">princeton_aco002988</subfield>
    <subfield code="2">local</subfield>
  </datafield>
  <datafield ind1=" " ind2=" " tag="035">
    <subfield code="a">(OCoLC)ocn175861550</subfield>
  </datafield>
  <datafield ind1=" " ind2=" " tag="035">
    <subfield code="a">(OCoLC)25578988</subfield>
  </datafield>
  <datafield ind1=" " ind2=" " tag="040">
    <subfield code="a">NjP</subfield>
    <subfield code="c">PUL</subfield>
    <subfield code="d">PUL</subfield>
  </datafield>
  <datafield ind1=" " ind2=" " tag="066">
    <subfield code="c">(3</subfield>
  </datafield>
  <datafield ind1=" " ind2=" " tag="035">
    <subfield code="a">(OCoLC)175861550</subfield>
  </datafield>
  <datafield ind1=" " ind2=" " tag="035">
    <subfield code="a">(CStRLIN)NJPG86-B47282</subfield>
  </datafield>
  <datafield ind1=" " ind2=" " tag="035">
    <subfield code="9">ABR2217TS</subfield>
  </datafield>
  <datafield ind1=" " ind2=" " tag="035">
    <subfield code="a">(NjP)336879</subfield>
  </datafield>
  <datafield ind1=" " ind2=" " tag="079">
    <subfield code="a">ocm25578988</subfield>
  </datafield>
  <datafield ind1=" " ind2=" " tag="049">
    <subfield code="a">PULL</subfield>
  </datafield>
  <datafield ind1="1" ind2=" " tag="100">
    <subfield code="6">880-01</subfield>
    <subfield code="a">Ṭabasī al-Najafī, Muḥammad Riḍā,</subfield>
    <subfield code="d">1904 or 1905-1984 or 1985.</subfield>
    <subfield code="0">http://id.loc.gov/authorities/names/n80033630</subfield>
  </datafield>
  <datafield ind1="1" ind2="3" tag="245">
    <subfield code="6">880-02</subfield>
    <subfield code="a">al-Shīʻah wa-al-rajʻah :</subfield>
    <subfield code="b">kitāb ʻilmī tārīkh adabī akhlāqī yubḥathu fīhi baṭh taḥlīlī ḥawla al-imām (al-thānī ʻashar al-Mahdī al-muntaẓar) /</subfield>
    <subfield code="c">taʼlīf Muḥammad Riḍā al-Ṭabasī al-Najafī.</subfield>
  </datafield>
  <datafield ind1=" " ind2=" " tag="250">
    <subfield code="6">880-03</subfield>
    <subfield code="a">al-Ṭabʻah 3., munaqqaḥah wa-mazīdah.</subfield>
  </datafield>
  <datafield ind1=" " ind2=" " tag="260">
    <subfield code="6">880-04</subfield>
    <subfield code="a">al-Najaf al-Ashraf :</subfield>
    <subfield code="b">Maṭbaʻat al-Ādāb,</subfield>
    <subfield code="c">1966.</subfield>
  </datafield>
  <datafield ind1=" " ind2=" " tag="300">
    <subfield code="a">2 v. :</subfield>
    <subfield code="b">port. ;</subfield>
    <subfield code="c">24 cm.</subfield>
  </datafield>
  <datafield ind1=" " ind2=" " tag="500">
    <subfield code="a">Subtitle varies.</subfield>
  </datafield>
  <datafield ind1=" " ind2=" " tag="500">
    <subfield code="a">Vol. 2: 2nd ed.</subfield>
  </datafield>
  <datafield ind1=" " ind2=" " tag="500">
    <subfield code="a">Vol. 2 published in 1975 by al-Maṭbaʻah al-Ḥaydarīyah.</subfield>
  </datafield>
  <datafield ind1="1" ind2="0" tag="600">
    <subfield code="a">Mahdī, Muḥammad ibn al-Ḥasan,</subfield>
    <subfield code="d">b. 869.</subfield>
    <subfield code="0">http://id.loc.gov/authorities/names/n84077035</subfield>
  </datafield>
  <datafield ind1=" " ind2="0" tag="650">
    <subfield code="a">Imams (Shiites)</subfield>
    <subfield code="x">Biography.</subfield>
    <subfield code="0">http://id.loc.gov/authorities/subjects/sh2008104277</subfield>
  </datafield>
  <datafield ind1="1" ind2=" " tag="880">
    <subfield code="6">100-01/(3/r</subfield>
    <subfield code="a">طبسي النجفي، محمد رضا،</subfield>
    <subfield code="d">1904 or 1905-1984 or 1985.</subfield>
  </datafield>
  <datafield ind1="1" ind2="2" tag="880">
    <subfield code="6">245-02/(3/r</subfield>
    <subfield code="a">الشيعة والرجعة :</subfield>
    <subfield code="b">كتاب علمي تاريخ ادبي اخلاقي يبحث فيه بطه تحليلي حول الامام (الثاني عشر المهدي المنتظر) /</subfield>
    <subfield code="c">تأليف محمد رضا الطبسي النجفي.</subfield>
  </datafield>
  <datafield ind1=" " ind2=" " tag="880">
    <subfield code="6">250-03/(3/r</subfield>
    <subfield code="a">الطبعة 3.، منقحة ومزيدة.</subfield>
  </datafield>
  <datafield ind1=" " ind2=" " tag="880">
    <subfield code="6">260-04/(3/r</subfield>
    <subfield code="a">النجف الاشرف :</subfield>
    <subfield code="b">مطبعة الاداب،</subfield>
    <subfield code="c">1966.</subfield>
  </datafield>
  <datafield ind1=" " ind2=" " tag="998">
    <subfield code="a">03/12/92</subfield>
    <subfield code="s">9124</subfield>
    <subfield code="n">NjP</subfield>
    <subfield code="w">NJPG86B47282</subfield>
    <subfield code="d">10/23/86</subfield>
    <subfield code="c">SSH</subfield>
    <subfield code="b">IJA</subfield>
    <subfield code="i">920312</subfield>
    <subfield code="l">NJPG</subfield>
  </datafield>
  <datafield ind1=" " ind2=" " tag="948">
    <subfield code="a">CON PC2</subfield>
  </datafield>
  <datafield ind1=" " ind2=" " tag="911">
    <subfield code="a">19921028</subfield>
  </datafield>
  <datafield ind1=" " ind2=" " tag="912">
    <subfield code="a">19980420062105.0</subfield>
  </datafield>
  <datafield ind1=" " ind2=" " tag="994">
    <subfield code="a">C0</subfield>
    <subfield code="b">PUL</subfield>
  </datafield>
  <datafield ind1=" " ind2=" " tag="999">
    <subfield code="a">336879</subfield>
  </datafield>
  <datafield ind1="0" ind2="0" tag="852">
    <subfield code="0">368261</subfield>
    <subfield code="b">rcppa</subfield>
    <subfield code="t">1</subfield>
    <subfield code="h">BP193.22</subfield>
    <subfield code="i">.xT33</subfield>
    <subfield code="x">tr fr arab</subfield>
  </datafield>
  <datafield ind1=" " ind2="0" tag="866">
    <subfield code="0">368261</subfield>
    <subfield code="a">juz' 1-2</subfield>
  </datafield>
  <datafield ind1=" " ind2=" " tag="959">
    <subfield code="a">2005-05-16 10:00:26 -0500</subfield>
  </datafield>
</record>
